@book{kurose2017redes,
  title={Redes de computadores e a internet: uma abordagem top-down},
  author={Kurose, James F and Ross, Keith W},
  year={2017},
  publisher={Pearson}
}

@book{tanenbaum2011redes,
  title={Redes de computadores},
  author={Tanenbaum, Andrew S and Wetherall, David},
  volume={5},
  year={2011},
  publisher={Pearson Prentice Hall}
}

@book{goetz2006java,
  title={Java concurrency in practice},
  author={Goetz, Brian and Peierls, Tim and Bloch, Joshua and Bowbeer, Joseph and Holmes, David and Lea, Doug},
  year={2006},
  publisher={Addison-Wesley Professional}
}

@misc{rfc8259,
  author = "T. Bray",
  title = "{The JavaScript Object Notation (JSON) Data Interchange Format}",
  series = "Request for Comments",
  number = "8259",
  publisher = "IETF",
  doi = "10.17487/RFC8259",
  year = 2017
}

@inproceedings{merkel2014docker,
  title={Docker: lightweight linux containers for consistent development and deployment},
  author={Merkel, Dirk},
  booktitle={Linux journal},
  volume={2014},
  number={239},
  pages={2},
  year={2014}
}
